<record><leader>00000cas a2200000 a 4500</leader><controlfield tag="001">18997160</controlfield><controlfield tag="008">890110d193u1983tnuwr ne      0    0eng d</controlfield><datafield ind1=" " ind2=" " tag="010"><subfield code="a">sn 89058004 </subfield></datafield><datafield ind1=" " ind2=" " tag="040"><subfield code="a">KNP</subfield><subfield code="b">eng</subfield><subfield code="c">KNP</subfield><subfield code="d">TGN</subfield><subfield code="d">OCL</subfield><subfield code="d">OCLCQ</subfield><subfield code="d">OCLCF</subfield><subfield code="d">OCLCO</subfield></datafield><datafield ind1="1" ind2=" " tag="029"><subfield code="a">AU@</subfield><subfield code="b">000022177036</subfield></datafield><datafield ind1=" " ind2=" " tag="042"><subfield code="a">msc</subfield></datafield><datafield ind1=" " ind2=" " tag="043"><subfield code="a">n-us-tn</subfield></datafield><datafield ind1="0" ind2="4" tag="245"><subfield code="a">The Crockett times.</subfield></datafield><datafield ind1=" " ind2=" " tag="260"><subfield code="a">Alamo, Tenn. :</subfield><subfield code="b">Mrs. J.P. Sims and Leslie Sims,</subfield><subfield code="c">-1983.</subfield></datafield><datafield ind1=" " ind2=" " tag="300"><subfield code="a">v. :</subfield><subfield code="b">ill.</subfield></datafield><datafield ind1=" " ind2=" " tag="310"><subfield code="a">Weekly</subfield></datafield><datafield ind1="0" ind2=" " tag="362"><subfield code="a">-50th year, no. 8 (Apr. 27, 1983).</subfield></datafield><datafield ind1=" " ind2=" " tag="500"><subfield code="a">Except for title and numbering, contents are identical to: Crockett County sentinel (Bells, Tenn. : 1940), and: Tri-co. news (Friendship, Tenn.), beginning Aug. 16, 1973.</subfield></datafield><datafield ind1=" " ind2=" " tag="580"><subfield code="a">Merged with: Crockett County sentinel (Bells, Tenn. : 1940), and: Tri-county news (Friendship, Tenn.), to form: Crockett Co. sentinel, tri-co. news, Crockett times.</subfield></datafield><datafield ind1=" " ind2=" " tag="588"><subfield code="a">Description based on: Vol. 5, no. 14 (June 3, 1937).</subfield></datafield><datafield ind1=" " ind2="0" tag="651"><subfield code="a">Alamo (Tenn.)</subfield><subfield code="v">Newspapers.</subfield></datafield><datafield ind1=" " ind2="0" tag="651"><subfield code="a">Crockett County (Tenn.)</subfield><subfield code="v">Newspapers.</subfield></datafield><datafield ind1=" " ind2="7" tag="655"><subfield code="a">Newspapers.</subfield><subfield code="2">fast</subfield><subfield code="0">(OCoLC)fst01423814</subfield></datafield><datafield ind1=" " ind2="7" tag="651"><subfield code="a">Tennessee</subfield><subfield code="z">Alamo.</subfield><subfield code="2">fast</subfield><subfield code="0">(OCoLC)fst01232104</subfield></datafield><datafield ind1=" " ind2="7" tag="651"><subfield code="a">Tennessee</subfield><subfield code="z">Crockett County.</subfield><subfield code="2">fast</subfield><subfield code="0">(OCoLC)fst01213737</subfield></datafield><datafield ind1=" " ind2=" " tag="752"><subfield code="a">United States</subfield><subfield code="b">Tennessee</subfield><subfield code="c">Crockett</subfield><subfield code="d">Alamo.</subfield></datafield><datafield ind1="1" ind2="7" tag="785"><subfield code="t">Crockett County sentinel (Bells, Tenn. : 1940)</subfield><subfield code="w">(DLC)sn 97065449</subfield></datafield><datafield ind1="1" ind2="7" tag="785"><subfield code="t">Tri-county news (Friendship, Tenn.)</subfield><subfield code="w">(DLC)sn 89058083</subfield></datafield><datafield ind1="1" ind2="7" tag="785"><subfield code="t">Crockett Co. sentinel, tri-co. news, Crockett times</subfield><subfield code="w">(DLC)sn 83007966</subfield></datafield></record>